@article{macdonald2021host,
  title={Host phenology can drive the evolution of intermediate parasite virulence in some parasites},
  author={MacDonald, Hannelore and Ak{\c{c}}ay, Erol and Brisson, Dustin},
  journal={bioRxiv},
  year={2021},
  publisher={Cold Spring Harbor Laboratory}
}

@Article{MacDonald2020,
author = {MacDonald, Hannelore and Ak{\c c}ay, Erol and Brisson, Dustin},
title = {The role of host phenology for parasite transmission},
journal = {Theoretical Ecology},
volume = {},
number = {},
pages = {},
year = {2020},
location = {},
keywords = {}}

@Article{Biere1996,
author = {Biere, Arjen and Honders, Sonja J.},
title = {Impact of Flowering Phenology of Silene alba and S. dioica on Susceptibility to Fungal Infection and Seed Predation},
journal = {Oikos},
volume = {77},
number = {3},
pages = {467--480},
year = {1996},
location = {},
keywords = {}}


@Article{Gethings2015,
author = {Gethings, OJ and Rose, H and Mitchell, S and Van Dijk, J and Morgan, ER},
title = {Asynchrony in host and parasite phenology may decrease disease risk in livestock under climate warming: Nematodirus battus in lambs as a case study.},
journal = {Parasitology},
volume = {142},
number = {10},
pages = {1306--1317},
year = {2015},
location = {},
keywords = {}}


@Article{Hamer2012,
author = {Hamer, Sarah A. and Hickling, Graham J. and Sidge, Jennifer L. and Walker, Edward D. and Tsao, Jean I.},
title = {Synchronous phenology of juvenile Ixodes scapularis, vertebrate host relationships, and associated patterns of Borrelia burgdorferi ribotypes in the midwestern United States},
journal = {Ticks and Tick-borne Diseases},
volume = {3},
number = {2},
pages = {65--74},
year = {2012},
location = {},
keywords = {}}


@Article{McDevitt-Galles2020,
author = {McDevitt-Galles, Travis and Moss, Wynne E and Calhoun, Dana M and Johnson, Pieter TJ},
title = {Phenological synchrony shapes pathology in host--parasite systems},
journal = {Proceedings of the Royal Society B},
volume = {287},
number = {1919},
pages = {20192597},
year = {2020},
location = {},
keywords = {}}

@article{king2009evolution,
  title={Evolution of acute infections and the invasion-persistence trade-off},
  author={King, Aaron A and Shrestha, Sourya and Harvill, Eric T and Bj{\o}rnstad, Ottar N},
  journal={The American Naturalist},
  volume={173},
  number={4},
  pages={446--455},
  year={2009},
  publisher={The University of Chicago Press}
}

@article{sorrell2009evolution,
  title={The evolution of covert, silent infection as a parasite strategy},
  author={Sorrell, Ian and White, Andrew and Pedersen, Amy B and Hails, Rosemary S and Boots, Mike},
  journal={Proceedings of the Royal Society B: Biological Sciences},
  volume={276},
  number={1665},
  pages={2217--2226},
  year={2009},
  publisher={The Royal Society London}
}

@article{donnelly2013seasonality,
  title={Seasonality selects for more acutely virulent parasites when virulence is density dependent},
  author={Donnelly, Ruairi and Best, Alex and White, Andrew and Boots, Mike},
  journal={Proceedings of the Royal Society B: Biological Sciences},
  volume={280},
  number={1751},
  pages={20122464},
  year={2013},
  publisher={The Royal Society}
}

@article{van2011periodic,
  title={Periodic host absence can select for higher or lower parasite transmission rates},
  author={van den Berg, Femke and Bacaer, Nicolas and Metz, Johan AJ and Lannou, Christian and van den Bosch, Frank},
  journal={Evolutionary Ecology},
  volume={25},
  number={1},
  pages={121--137},
  year={2011},
  publisher={Springer}
}

@Article{Altizer2006,
author = {Altizer, Sonia and Dobson, Andrew and Hosseini, Parviez and Hudson, Peter and Pascual, Mercedes and Rohani, Pejman},
title = {Seasonality and the dynamics of infectious diseases},
journal = {Ecology Letters},
volume = {9},
number = {4},
pages = {467--484},
year = {2006},
location = {},
keywords = {}}

@Article{Ogden2018,
author = {Ogden, Nicholas H and Pang, Genevieve and Ginsberg, Howard S and Hickling, Graham J and Burke, Russell L and Beati, Lorenza and Tsao, Jean I},
title = {Evidence for Geographic Variation in Life-Cycle Processes Affecting Phenology of the Lyme Disease Vector Ixodes scapularis (Acari: Ixodidae) in the United States},
journal = {Journal of Medical Entomology},
volume = {55},
number = {6},
pages = {1386–1401},
year = {2018},
location = {},
keywords = {}}

@Article{Martinez2018,
author = {Martinez, Micaela Elvira},
title = {The calendar of epidemics: Seasonal cycles of infectious diseases},
journal = {PLOS Pathogens},
volume = {14},
number = {11},
pages = {e1007327--15},
year = {2018},
location = {},
keywords = {}}

@article{hamelin2011seasonality,
  title={Seasonality and the evolutionary divergence of plant parasites},
  author={Hamelin, Fr{\'e}d{\'e}ric M and Castel, Magda and Poggi, Sylvain and Andrivon, Didier and Mailleret, Ludovic},
  journal={Ecology},
  volume={92},
  number={12},
  pages={2159--2166},
  year={2011},
  publisher={Wiley Online Library}
}

@article{van2010periodicity,
  title={Periodicity in host availability does not account for evolutionary branching as observed in many plant pathogens: an application to Gaeumannomyces graminis var. tritici},
  author={van den Berg, Frederik and Gilligan, CA and Bailey, Douglas John and Van Den Bosch, F},
  journal={Phytopathology},
  volume={100},
  number={11},
  pages={1169--1175},
  year={2010},
  publisher={Am Phytopath Society}
}

@book{tilman2020resource,
  title={Resource Competition and Community Structure.(MPB-17), Volume 17},
  author={Tilman, David},
  year={2020},
  publisher={Princeton university press}
}

@article{koch1974competitive,
  title={Competitive coexistence of two predators utilizing the same prey under constant environmental conditions},
  author={Koch, Arthur L},
  journal={Journal of Theoretical Biology},
  volume={44},
  number={2},
  pages={387--395},
  year={1974},
  publisher={Elsevier}
}

@article{armstrong1980competitive,
  title={Competitive exclusion},
  author={Armstrong, Robert A and McGehee, Richard},
  journal={The American Naturalist},
  volume={115},
  number={2},
  pages={151--170},
  year={1980},
  publisher={University of Chicago Press}
}

@article{litchman2001competition,
  title={Competition of phytoplankton under fluctuating light},
  author={Litchman, Elena and Klausmeier, Christopher A},
  journal={The American Naturalist},
  volume={157},
  number={2},
  pages={170--187},
  year={2001},
  publisher={The University of Chicago Press}
}

@article{klausmeier2008floquet,
  title={Floquet theory: a useful tool for understanding nonequilibrium dynamics},
  author={Klausmeier, Christopher A},
  journal={Theoretical Ecology},
  volume={1},
  number={3},
  pages={153--161},
  year={2008},
  publisher={Springer}
}

@article{geritz1998evolutionarily,
  title={Evolutionarily singular strategies and the adaptive growth and branching of the evolutionary tree},
  author={Geritz, Stefan AH and Mesze, G{\'e}za and Metz, Johan AJ and others},
  journal={Evolutionary ecology},
  volume={12},
  number={1},
  pages={35--57},
  year={1998},
  publisher={Springer}
}

@article{metz1992should,
  title={How should we define ‘fitness’ for general ecological scenarios?},
  author={Metz, Johan AJ and Nisbet, Roger M and Geritz, Stefan AH},
  journal={Trends in ecology \& evolution},
  volume={7},
  number={6},
  pages={198--202},
  year={1992},
  publisher={Elsevier}
}

@article{wang2006lysis,
  title={Lysis timing and bacteriophage fitness},
  author={Wang, Ing-Nang},
  journal={Genetics},
  volume={172},
  number={1},
  pages={17--26},
  year={2006},
  publisher={Oxford University Press}
}

@article{white2011determinants,
  title={Determinants of relapse periodicity in Plasmodium vivax malaria},
  author={White, Nicholas J},
  journal={Malaria journal},
  volume={10},
  number={1},
  pages={1--36},
  year={2011},
  publisher={BioMed Central}
}

@article{white2006evolutionary,
  title={Evolutionary behaviour in ecological systems with trade-offs and non-equilibrium population dynamics},
  author={White, A and Greenman, JV and Benton, TG and Boots, M},
  journal={Evolutionary Ecology Research},
  volume={8},
  number={3},
  pages={387--398},
  year={2006},
  publisher={Evolutionary Ecology, Ltd.}
}

@article{kisdi1999evolutionary,
  title={Evolutionary branching under asymmetric competition},
  author={Kisdi, Eva},
  journal={Journal of Theoretical Biology},
  volume={197},
  number={2},
  pages={149--162},
  year={1999},
  publisher={Elsevier}
}

@article{white2005adaptive,
  title={Adaptive dynamics of Lotka--Volterra systems with trade-offs: the role of interspecific parameter dependence in branching},
  author={White, Andrew and Bowers, Roger G},
  journal={Mathematical biosciences},
  volume={193},
  number={1},
  pages={101--117},
  year={2005},
  publisher={Elsevier}
}